<?xml version="1.0" encoding="UTF-8"?><collection xmlns="http://www.loc.gov/MARC21/slim"><record><leader>00421nam--2200145-i-4500</leader><controlfield tag="001">000038303</controlfield><controlfield tag="002">20161230</controlfield><controlfield tag="005">20161230201041</controlfield><controlfield tag="008">060222s1000------------r-----000-0-eng-d</controlfield><datafield ind1=" " ind2=" " tag="080"><subfield code="a">621.396.96</subfield></datafield><datafield ind1=" " ind2=" " tag="100"><subfield code="a">Reiter, Elmar R</subfield></datafield><datafield ind1=" " ind2=" " tag="245"><subfield code="a">Strahlstrome. ihr einfluss auf das wetter. mit 78 abbildungen und 12 tafeln</subfield></datafield><datafield ind1=" " ind2=" " tag="260"><subfield code="a">Berlin, Springer-verlag, 1970, X + 195p</subfield></datafield><datafield ind1=" " ind2=" " tag="490"><subfield code="a">Verstandliche Wissenschaft</subfield></datafield><datafield ind1=" " ind2=" " tag="852"><subfield code="a">33764</subfield></datafield></record></collection>